% This file was created with JabRef 2.10.
% Encoding: UTF-8


@Article{Abdolhosseinzadeh2015,
  Title                    = {Fast and fully-scalable synthesis of reduced graphene oxide},
  Author                   = {Abdolhosseinzadeh, Sina and Asgharzadeh, Hamed and Seop Kim, Hyoung},
  Journal                  = {Scientific Reports},
  Year                     = {2015},

  Month                    = {May},
  Note                     = {Article},
  Pages                    = {10160 EP -},
  Volume                   = {5},

  Day                      = {15},
  Doi                      = {10.1038/srep10160},
  File                     = {:/home/javier/data/Documents/papers tesis/Fast and fully-scalable synthesis of reduced graphene oxide.pdf:PDF},
  Publisher                = {The Author(s) SN -}
}

@Article{Balandin2008,
  Title                    = {Superior thermal conductivity of single-layer graphene},
  Author                   = {Balandin, Alexander A and Ghosh, Suchismita and Bao, Wenzhong and Calizo, Irene and Teweldebrhan, Desalegne and Miao, Feng and Lau, Chun Ning},
  Journal                  = {Nano letters},
  Year                     = {2008},
  Number                   = {3},
  Pages                    = {902--907},
  Volume                   = {8},

  __markedentry            = {[javier:]},
  File                     = {:ballandin.pdf:PDF},
  Owner                    = {javier},
  Publisher                = {ACS Publications},
  Timestamp                = {2016.07.01}
}

@Article{Bolotin2008,
  Title                    = {Ultrahigh electron mobility in suspended graphene},
  Author                   = {Bolotin, Kirill I and Sikes, KJ and Jiang, Zd and Klima, M and Fudenberg, G and Hone, J and Kim, Ph and Stormer, HL},
  Journal                  = {Solid State Communications},
  Year                     = {2008},
  Number                   = {9},
  Pages                    = {351--355},
  Volume                   = {146},
  File                     = {:0802.2389.pdf:PDF},
  Owner                    = {javier},
  Publisher                = {Elsevier},
  Timestamp                = {2016.07.01}
}

@Article{Bonaccorso2010,
  Title                    = {Graphene photonics and optoelectronics},
  Author                   = {Bonaccorso, Francesco and Sun, Z and Hasan, Ta and Ferrari, AC},
  Journal                  = {Nature photonics},
  Year                     = {2010},
  Number                   = {9},
  Pages                    = {611--622},
  Volume                   = {4},
  File                     = {:nphoton.2010.186.pdf:PDF},
  Owner                    = {javier},
  Publisher                = {Nature Publishing Group},
  Timestamp                = {2016.07.01}
}

@Book{Conway1999,
  Title                    = {Electrochemical Supercapacitors: Scientific Fundamentals and Technological Applications},
  Author                   = {B. E. Conway},
  Publisher                = {Springer},
  Year                     = {1999},
  Edition                  = {1},

  File                     = {:/home/javier/data/Documents/papers tesis/B. E. Conway-Electrochemical Supercapacitors_ Scientific Fundamentals and Technological Applications-Springer (1999).pdf:PDF},
  ISBN                     = {0306457369,9780306457364}
}

@Article{Dreyer2010,
  Title                    = {The chemistry of graphene oxide},
  Author                   = {Dreyer, Daniel R and Park, Sungjin and Bielawski, Christopher W and Ruoff, Rodney S},
  Journal                  = {Chemical Society Reviews},
  Year                     = {2010},
  Number                   = {1},
  Pages                    = {228--240},
  Volume                   = {39},

  __markedentry            = {[javier:6]},
  File                     = {:211.pdf:PDF},
  Owner                    = {javier},
  Publisher                = {Royal Society of Chemistry},
  Timestamp                = {2016.07.01}
}

@Article{Feynman1960,
  Title                    = {There's plenty of room at the bottom},
  Author                   = {Feynman, Richard P},
  Journal                  = {Engineering and science},
  Year                     = {1960},
  Number                   = {5},
  Pages                    = {22--36},
  Volume                   = {23},

  File                     = {:/home/javier/data/Documents/papers tesis/1960Bottom.pdf:PDF},
  Publisher                = {California Institute of Technology}
}

@Article{Frackowiak2001,
  Title                    = {Carbon materials for the electrochemical storage of energy in capacitors },
  Author                   = {Elzbieta Frackowiak and François Béguin},
  Journal                  = {Carbon },
  Year                     = {2001},
  Number                   = {6},
  Pages                    = {937 - 950},
  Volume                   = {39},

  Doi                      = {10.1016/S0008-6223(00)00183-4},
  File                     = {:/home/javier/data/Documents/papers tesis/frackowiak2001.pdf:PDF},
  ISSN                     = {0008-6223},
  Keywords                 = {A. Activated carbon, Carbon aerogel, Carbon nanotubes, Carbon xerogel},
  Url                      = {http://www.sciencedirect.com/science/article/pii/S0008622300001834}
}

@Article{HummersJr1958,
  Title                    = {Preparation of graphitic oxide},
  Author                   = {Hummers Jr, William S and Offeman, Richard E},
  Journal                  = {Journal of the American Chemical Society},
  Year                     = {1958},
  Number                   = {6},
  Pages                    = {1339--1339},
  Volume                   = {80},

  File                     = {:/home/javier/data/Documents/papers tesis/ja01539a017.pdf:PDF},
  Publisher                = {ACS Publications}
}

@Book{Jean-MichelLourtioz2016,
  Title                    = {Nanosciences and Nanotechnology: Evolution or Revolution?},
  Author                   = {Jean-Michel Lourtioz, Marcel Lahmani, Claire Dupas-Haeberlin, Patrice Hesto (eds.)},
  Publisher                = {Springer International Publishing},
  Year                     = {2016},
  Edition                  = {1},

  File                     = {:/home/javier/data/Documents/papers tesis/Jean-Michel Lourtioz, Marcel Lahmani, Claire Dupas-Haeberlin, Patrice Hesto (eds.)-Nanosciences and Nanotechnology_ Evolution or Revolution_-Springer International Publishing (2016).pdf:PDF},
  ISBN                     = {978-3-319-19359-5,978-3-319-19360-1},
  Keywords                 = {asdasd}
}

@Article{Lee2008,
  Title                    = {Measurement of the elastic properties and intrinsic strength of monolayer graphene},
  Author                   = {Lee, Changgu and Wei, Xiaoding and Kysar, Jeffrey W and Hone, James},
  Journal                  = {science},
  Year                     = {2008},
  Number                   = {5887},
  Pages                    = {385--388},
  Volume                   = {321},
  File                     = {:Lee_C_Wei_X_D_Kysar_J_W_Hone_J_Measurement_of_the_.pdf:PDF},
  Owner                    = {javier},
  Publisher                = {American Association for the Advancement of Science},
  Timestamp                = {2016.07.01}
}

@Article{Novoselov2012a,
  Title                    = {A roadmap for graphene},
  Author                   = {Novoselov, K. S. and Fal′ko, V. I. and Colombo, L. and Gellert, P. R. and Schwab, M. G. and Kim, K.},
  Journal                  = {Nature},
  Year                     = {2012},

  Month                    = {Oct},
  Number                   = {7419},
  Pages                    = {192–200},
  Volume                   = {490},

  Doi                      = {10.1038/nature11458},
  File                     = {:/home/javier/data/Documents/papers tesis/nature11458.pdf:PDF},
  ISSN                     = {1476-4687},
  Owner                    = {javier},
  Publisher                = {Nature Publishing Group},
  Timestamp                = {2016.06.30},
  Url                      = {http://dx.doi.org/10.1038/nature11458}
}

@Article{Peigney2001,
  Title                    = {Specific surface area of carbon nanotubes and bundles of carbon nanotubes},
  Author                   = {Peigney, Alain and Laurent, Ch and Flahaut, Emmanuel and Bacsa, RR and Rousset, Abel},
  Journal                  = {Carbon},
  Year                     = {2001},
  Number                   = {4},
  Pages                    = {507--514},
  Volume                   = {39},

  File                     = {:Peigney_10718.pdf:PDF},
  Owner                    = {javier},
  Publisher                = {Elsevier},
  Timestamp                = {2016.07.01}
}

@Article{Stoller2008a,
  Title                    = {Graphene-Based Ultracapacitors},
  Author                   = {Stoller, Meryl D. and Park, Sungjin and Zhu, Yanwu and An, Jinho and Ruoff, Rodney S.},
  Journal                  = {Nano Lett.},
  Year                     = {2008},

  Month                    = {Oct},
  Number                   = {10},
  Pages                    = {3498–3502},
  Volume                   = {8},

  Doi                      = {10.1021/nl802558y},
  File                     = {:/home/javier/data/Documents/papers tesis/Graphene-Based Ultracapacitors.pdf:PDF},
  ISSN                     = {1530-6992},
  Owner                    = {javier},
  Publisher                = {American Chemical Society (ACS)},
  Timestamp                = {2016.06.30},
  Url                      = {http://dx.doi.org/10.1021/nl802558y}
}

@Article{Thounthong2009a,
  Title                    = {Energy management of fuel cell/battery/supercapacitor hybrid power source for vehicle applications},
  Author                   = {Thounthong, Phatiphat and Raël, Stephane and Davat, Bernard},
  Journal                  = {Journal of Power Sources},
  Year                     = {2009},

  Month                    = {Aug},
  Number                   = {1},
  Pages                    = {376–385},
  Volume                   = {193},

  Doi                      = {10.1016/j.jpowsour.2008.12.120},
  File                     = {:/home/javier/data/Documents/papers tesis/1-s2.0-S0378775308024981-main.pdf:PDF},
  ISSN                     = {0378-7753},
  Owner                    = {javier},
  Publisher                = {Elsevier BV},
  Timestamp                = {2016.06.30},
  Url                      = {http://dx.doi.org/10.1016/j.jpowsour.2008.12.120}
}

@Article{Yahalom1971,
  Title                    = {Experimental evaluation of some electrolytic breakdown hypotheses},
  Author                   = {J. Yahalom and J. Zahavi},
  Journal                  = {Electrochimica Acta},
  Year                     = {1971},
  Number                   = {5},
  Pages                    = {603 - 607},
  Volume                   = {16},

  Doi                      = {10.1016/0013-4686(71)85169-1},
  File                     = {:/home/javier/data/Documents/papers tesis/yahalom1971.pdf:PDF},
  ISSN                     = {0013-4686},
  Url                      = {http://www.sciencedirect.com/science/article/pii/0013468671851691}
}

@Article{Yahalom1970,
  Title                    = {Electrolytic breakdown crystallization of anodic oxide films on A1, Ta and Ti},
  Author                   = {J. Yahalom and J. Zahavi},
  Journal                  = {Electrochimica Acta},
  Year                     = {1970},
  Number                   = {9},
  Pages                    = {1429 - 1435},
  Volume                   = {15},

  Doi                      = {10.1016/0013-4686(70)80064-0},
  File                     = {:/home/javier/data/Documents/papers tesis/yahalom1970.pdf:PDF},
  ISSN                     = {0013-4686},
  Url                      = {http://www.sciencedirect.com/science/article/pii/0013468670800640}
}

